@article{chord,
	author = {Stoica, Ion and Morris, Robert and Liben-Nowell, David and Karger, David and Kaashoek, Frans and Dabek, Frank and Balakrishnan, Hari},
	year = {2003},
	month = {02},
	pages = {},
	title = {Chord: A scalable peer-to-peer lookup protocol for Internet applications},
	volume = {11},
	journal = {IEEE Transactions on Networking},
	doi = {10.1109/TNET.2002.808407}
}